
@misc{IZGcolors,
  title         = {Lecture Introduction to Computer graphics (CG), basic priciples. Colors and color models. Course Computer Graphics Principles.},
  author        = {Ing. Michal Španěl PhD.},
  year          = {2018},
  address       = {Faculty of Information Technologies, Brno University of Technology}
}

@misc{WikipediaInfrared,
    title = {Infrared - Wikipedia},
    author = {Wikimedia Foundation},
    url = {https://en.wikipedia.org/wiki/Infrared},
    urldate = {2018-03-29}
}

@misc{IKRclassification,
  title = {Přednáška Úlohy klasifikace a rozpoznávání, základní schéma klasifikátoru, předmět Klasifikace a rozpoznávání},
  author = {doc. Ing. Burget Lukáš Ph.D.},
  year = {2018},
  address = {Fakulta informačních technologií Vysokého učení technologického v Brně}
}

