    
    
    @MISC{nightvision,
      author =       "AlexPlank",
      title =        "{\it Nightvision}",
      howpublished = "Wikipedia",
      year =         "2018",
      month =        Dec,
      url =          "https://commons.wikimedia.org/wiki/File:Nightvision.jpg",
      note =         "[Online; visited 14.12.2018]"
    }

    @MISC{automaticdoorway,
      author =       "Richard Duncan",
      title =        "{\it Automatic doorway.}",
      howpublished = "PublicDomainFiles",
      year =         "2018",
      month =        Dec,
      url =          "http://www.publicdomainfiles.com/show_file.php?id=13392932418863",
      note =         "[Online; visited 14.12.2018]"
    }

    @MISC{NasaEMSpectrum,
      author =       "NASA",
      title =        "{\it The Electromagnetic Spectrum}",
      howpublished = "NASA webpage",
      year =         "2013",
      month =        Mar,
      url =          "https://imagine.gsfc.nasa.gov/science/toolbox/emspectrum2.html",
      note =         "[Online; visited 14.12.2018]"
    }

    @MISC{HerschelLife,
      author =       "Caltech",
      title =        "{\it Herschel Discovers Infrared Light}",
      howpublished = "IPAC Caltech",
      url =          "http://coolcosmos.ipac.caltech.edu/cosmic_classroom/classroom_activities/herschel_bio.html",
      note =         "[Online; visited 14.12.2018]"
    }

    @MISC{NasaIrVideo,
      author =       "Stephanie Smith",
      title =        "{\it What is Infrared Radiation?}",
      howpublished = "YouTube",
      url =          "https://www.youtube.com/watch?v=KwvXcUe10OQ",
      note =         "[Online; visited 14.12.2018]"
    }

    @MISC{LightEyeVision,
      author =       "WikiLectures",
      title =        "{\it Light, eye and vision.}",
      howpublished = "WikiLectures",
      url =          "https://www.wikilectures.eu/w/LIGHT,_EYE_AND_VISION",
      note =         "[Online; visited 14.12.2018]"
    }
    
    @MISC{an2105,
      author =       "David Van Ess",
      title =        "{\it Pyroelectric Infrared Motion Detector}",
      url =          "https://cdn-learn.adafruit.com/assets/assets/000/010/138/original/an2105.pdf",
      owner =        "Cypress MicroSystems Inc.",
      note =         "[Online; visited 15.12.2018]"
    }

    @BOOK{SkinStructure,
      author =       "Gregory D. Cramer, Susan A. Darby",
      title =        "{\it Clinical Anatomy of the Spine, Spinal Cord, and Ans}",
      publisher =    "Elsevier",
      year =         "2014",
      isbn =         "978-0-323-07954-9",
    }

    @MISC{Python,
      author =       "Pixabay",
      title =        "{\it Brown python}",
      url =          "https://www.pexels.com/photo/brown-python-53140/",
      owner =        "Pixabay",
      note =         "[Online; visited 15.12.2018]"
    }

    @MISC{Eye,
      author =       "Emmette Cox",
      title =        "{\it Optics of the Human Eye}",
      howpublished = "carolina.com",
      year =         "2016",
      month =        Dec,
      url =          "https://www.carolina.com/teacher-resources/Interactive/optics-of-the-human-eye/tr39501.tr",
      note =         "[Online; visited 23.12.2018]"
    }

    @MISC{thermoregulatory,
      author =       "Jordan Hawer",
      title =        "{\it Thermal regulation graph}",
      howpublished = "Wikipedia",
      year =         "2018",
      month =        May,
      url =          "https://commons.wikimedia.org/wiki/File:Thermal_Regulation_Graph.svg",
      note =         "[Online; visited 15.12.2018]"
    }

    @BOOK{DetectorsBook,
      author =       "Vladimír Lysenko",
      title =        "{\it Detektory pro bezdotykové měření teplot}",
      publisher =    "BEN - technická literatura",
      year =         "2005",
      isbn =         "80-7300-180-2",
    }

    @BOOK{TemperatureMeasuring,
      author =       "Marcel Kreidle",
      title =        "{\it Měření teploty - senzory a měřící obvody}",
      publisher =    "BEN - technická literatura",
      year =         "2005",
      isbn =         "80-7300-145-4",
    }

    @article{SnakeInfrared,
      author =       "E.O. Gracheva, N.T. Ingolia",
      title =        "{\it Molecular basis of infrared detection by snakes}",
      publisher =    "Macmillan Publishers",
      year =         "2010",
      doi =          "10.3410/f.2579956.2234055",
      journal =      "Nature"
    }

    @inbook{BodilySenses,
      author = {J. Brendan Ritchie, Peter Carruthers},
      title = {The bodily senses},
      crossref = {PhilosophyOfPerception}
    }

    @BOOK{PhilosophyOfPerception,
      author =       "Mohan Matthen",
      title =        "{\it The Oxford Handbook of Philosophy of Perception}",
      publisher =    "Oxford University Press",
      year =         "2015",
      isbn =         "0-19-960047-3",
    }

    @techreport{iso800007,
      type =         {Standard},
      key  =         {ISO 80000-7:2008},
      month =        nov,
      year =         {2008},
      title =        {{Quantities and units -- Part 7: Light}},
      volume =       {44},
      address =      {Geneva, CH},
      institution =  {International Organization for Standardization}
    }

    @article{ChirpletSVM,
      author =       "Tarun Choubisa, Mohan Kashyap, Sampad B. Mohanty",
      title =        "{\it Comparing chirplet based classification with alternate feature-extraction approaches for outdoor intrusion detection using a pir sensor platform.}",
      publisher =    "IEEE",
      year =         "2011",
      doi =          "10.1109/CISP.2017.8125869",
      howpublished = "2011 4th International Congress on Image and Signal Processing",
      note =         "[Online; visited 22.12.2018]"
    }

    @article{SinglePIR,
      author =       "Linhong Wang",
      title =        "{\it Human infrared signal recognition using single PIR detector}",
      publisher =    "IEEE",
      year =         "2017",
      doi =          "10.1109/ICACCI.2017.8125869",
      howpublished = "2017 International Conference on Advances in Computing, Communications and Informatics (ICACCI)",
      note =         "[Online; visited 22.12.2018]"
    }

    @article{BayesanClassifier,
      author =       "Hyun Hee Kim, Kyoung Nam Ha, Suk Lee",
      title =        "{\it Resident Location-Recognition Algorithm Using a Bayesan Classifier in the PIR Sensor-Based Indoor Location-Aware System}",
      publisher =    "IEEE",
      year =         "2009",
      doi =          "10.1109/tsmcc.2008.2008099",
      howpublished = "IEEE Transactions on Systems, Man, and Cybernetics, Part C (Applications and Reviews)",
      note =         "[Online; visited 22.12.2018]"
    }

    @MISC{LinearClassifier,
      author =       "Cyc",
      title =        "{\it SVM Separating Hyperplanes}",
      howpublished = "Wikipedia",
      year =         "2008",
      month =        Feb,
      url =          "https://commons.wikimedia.org/wiki/File:Svm_separating_hyperplanes.png",
      note =         "[Online; visited 23.12.2018]"
    }

    @MISC{BodyRadiation,
      author =       "Jian-Shuen Fang, Qi Hao, David J Brady",
      title =        "{\it Path-dependent human identification using a pyroelectric infrared sensor and Fresnel lens arrays}",
      howpublished = "Optics express",
      year =         "2006",
      month =        Feb,
      doi =          "10.1364/OPEX.14.000609",
      url =          "https://www.researchgate.net/figure/Black-body-radiation-curve-of-human-body-at-37-o-C_fig1_26273296",
      note =         "[Online; visited 23.12.2018]"
    }

    @MISC{GestureControl,
      author =       "Godfried-Willem Raes",
      title =        "{\it Infrared Body Sensing}",
      howpublished = "Logos Foundation",
      year =         "2007",
      month =        Oct,
      url =          "https://www.logosfoundation.org/ii/infrared_sensing.html",
      note =         "[Online; visited 5.1.2018]"
    }

    @BOOK{VagueNatureInformation,
      author =       "Zdeněk Půlpán",
      title =        "{\it Odhad informace z dat vágní povahy}",
      publisher =    "Academia",
      year =         "2012",
      isbn =         "978-80-200-2076-5",
    }

    @BOOK{ClusterAnalysis,
      author =       "Hana Řezanková, Dušan Húsek, Václav Snášel",
      title =        "{\it Shluková analýza dat}",
      publisher =    "Professional Publishing",
      year =         "2009",
      isbn =         "978-80-86946-87-8",
    }

    @BOOK{InsightIntoFuzzyModelling,
      author =       "Vilém Novák, Irina Perfilieva, Antonín Dvořák",
      title =        "{\it Insight Into Fuzzy Modelling}",
      publisher =    "Wiley",
      year =         "2016",
      isbn =         "9781119193180",
    }

    @MISC{PIRSchemeDescription,
      author =       "Sylvian Colliard-Piraud",
      title =        "{\it Signal conditioning for pyroelectric passive infrared (PIR) sensors}",
      howpublished = "AllAboutCircuits",
      year =         "2016",
      month =        Jul,
      url =          "https://www.allaboutcircuits.com/industry-articles/signal-conditioning-for-pyroelectric-passive-infrared-sensors/",
      note =         "[Online; visited 18.2.2019]"
    }

    @MISC{PIROperationalManual,
      author =       "B+B Thermo-Technik GmbH",
      title =        "{\it Operational manual: Passive infrared motion sensor PIR STD}",
      howpublished = "bb-sensors.com",
      year =         "2015",
      month =        Aug,
      url =          "https://shop.bb-sensors.com/out/media/Operation_manual_PIR-STD_passive_infrared_motion_detector_new_1.pdf",
      note =         "[Online; visited 25.3.2019]"
    }

    @MISC{ArduinoAnalogRead,
      author =       "Arduino",
      title =        "{\it analogRead()}",
      howpublished = "Arduino Reference",
      year =         "2019",
      month =        Feb,
      url =          "https://www.arduino.cc/reference/en/language/functions/analog-io/analogread/",
      note =         "[Online; visited 29.3.2019]"
    }

    @BOOK{DigitalSignalProcessing,
      author =       "Michael Parker",
      title =        "{\it Digital Signal Processing 101}",
      publisher =    "Newnes",
      year =         "2010",
      isbn =         "978-1-85617-921-8",
    }

    @BOOK{WaveletTour,
      author =       "Stéphane Mallat",
      title =        "{\it A Wavelet Tour of Signal Processing}",
      publisher =    "Academic Press",
      year =         "2009",
      isbn =         "978-0-12-374370-1",
    }

    @thesis{KenyaThesis,
      author =       "Okoth Francis Ogollah",
      title =        "{\it Room occupancy monitoring and counting device}",
      year =         {2015},
      month =        Apr,
      url =          "http://eie.uonbi.ac.ke/sites/default/files/cae/engineering/eie/ROOM%20OCCUPANCY%20MONITORING%20AND%20COUNTING%20DEVICE.pdf",
      note =         "Final year project",
      institution =  "University of Nairobi"
    }
